@article{shifted,
	title = {Essential finite-size effect in the two-dimensional XY model},
	author = {Chung, S. G.},
	journal = {Phys. Rev. B},
	volume = {60},
	issue = {16},
	pages = {11761--11764},
	numpages = {0},
	year = {1999},
	month = {Oct},
	publisher = {American Physical Society},
	doi = {10.1103/PhysRevB.60.11761},
	url = {https://link.aps.org/doi/10.1103/PhysRevB.60.11761}
}

@article{literature_gpu,
	title={Finite-size scaling method for the Berezinskii–Kosterlitz–Thouless transition},
	volume={2013},
	ISSN={1742-5468},
	url={http://dx.doi.org/10.1088/1742-5468/2013/09/P09001},
	DOI={10.1088/1742-5468/2013/09/p09001},
	number={09},
	journal={Journal of Statistical Mechanics: Theory and Experiment},
	publisher={IOP Publishing},
	author={Hsieh, Yun-Da and Kao, Ying-Jer and Sandvik, Anders W},
	year={2013},
	month=sep, pages={P09001} }

@article{literature_cpu,
	title = {Monte Carlo analysis of the two-dimensional XY model. II. Comparison with the Kosterlitz renormalization-group equations},
	author = {Olsson, Peter},
	journal = {Phys. Rev. B},
	volume = {52},
	issue = {6},
	pages = {4526--4535},
	numpages = {0},
	year = {1995},
	month = {Aug},
	publisher = {American Physical Society},
	doi = {10.1103/PhysRevB.52.4526},
	url = {https://link.aps.org/doi/10.1103/PhysRevB.52.4526}
}


@article{literature_theo,
	title = {Transfer matrix in plane-rotator model},
	journal = {Physics Letters A},
	volume = {104},
	number = {6},
	pages = {357-360},
	year = {1984},
	issn = {0375-9601},
	doi = {https://doi.org/10.1016/0375-9601(84)90816-8},
	url = {https://www.sciencedirect.com/science/article/pii/0375960184908168},
	author = {Daniel C. Mattis},
	abstract = {We analyze the transfer matrix of the plane rotator model in d = 1 and 2 dimensions. In 1D we relate the magnetic field susceptibility of the ferromagnet and that of the antiferromagnet. In 2D, we produce some simple transformations that map the problem onto the s = 12 anisotropic Heisenberg chain, thereby reproducing all the known features of the Kosterlitz-Thouless transition.}
}